@misc{Affek_Georeferencing_2013,
 author={Affek, Andrzej},
 volume={86},
 number={4},
 copyright={Prawa zastrzeżone - dostęp nieograniczony},
 address={Warszawa},
 journal={Geographia Polonica},
 howpublished={online},
 year={2013},
 publisher={IGiPZ PAN},
 language={eng},
 type={Tekst},
 title={Georeferencing of historical maps using GIS, as exemplified by the Austrian Military Surveys of Galicia},
 URL={http://rcin.org.pl/igipz/Content/40957/WA51_58447_r2013-t86-no4_G-Polonica-Affek.pdf},
 keywords={GIS historyczny, zdjęcia topograficzne, transformacja treść mapy, rektyfikacja mapy, cesarstwo habsburskie},
}
